<?xml version="1.0" encoding="UTF-8"?><collection xmlns="http://www.loc.gov/MARC21/slim"><record><leader>00382nam--2200133-i-4500</leader><controlfield tag="001">000014864</controlfield><controlfield tag="002">20161230</controlfield><controlfield tag="005">20161230201031</controlfield><controlfield tag="008">060222s1000------------r-----000-0-eng-d</controlfield><datafield ind1=" " ind2=" " tag="080"><subfield code="a">538.9.405</subfield></datafield><datafield ind1=" " ind2=" " tag="245"><subfield code="a">Solid state physics. the simon fraser universi ty lectures vol.1: electrons in memtals</subfield></datafield><datafield ind1=" " ind2=" " tag="260"><subfield code="a">/F.Loc./ Xv + 386 P</subfield></datafield><datafield ind1=" " ind2=" " tag="700"><subfield code="a">Cochran, J.F.And Haering, R.R</subfield></datafield><datafield ind1=" " ind2=" " tag="852"><subfield code="a">33052</subfield></datafield></record></collection>